@article{adaptivity_gaps,
author = {Gupta, Anupam and Nagarajan, Viswanath and Singla, Sahil},
doi = {10.1137/1.9781611974331.ch120},
eprint = {1608.00673},
isbn = {9781510819672},
journal = {SIAM ACM Symposium on Discrete Algorithms (SODA'16)},
keywords = {Unauthorized reproduction of this article is prohi},
mendeley-groups = {Probing},
pages = {1731--1747},
title = {{Algorithms and adaptivity gaps for stochastic probing}},
year = {2016}
}

@inproceedings{probing_applications,
  title={A stochastic probing problem with applications},
  author={Gupta, Anupam and Nagarajan, Viswanath},
  booktitle={International Conference on Integer Programming and Combinatorial Optimization},
  pages={205--216},
  year={2013},
  organization={Springer}
}